
% ==================== Secure hardware ========================

@book{grawrock-book,
  title={The Intel safer computing initiative: building blocks for trusted computing},
  author={Grawrock, David},
  year={2006},
  publisher={Intel Press}
}

@misc{tcg-spec04,
  author = "{Trusted Computing Group}",
  title = "{TCG Specification Architecture Overview Revision 1.2}",
  howpublished = "{\small \\http://www.trustedcomputinggroup.com/home}",
  year = 2004
}

@inproceedings{xom-modelcheck,
 author = {Lie, David and Mitchell, John and Thekkath, Chandramohan A. and Horowitz, Mark},
 title = {Specifying and Verifying Hardware for Tamper-Resistant Software},
 booktitle = {Proceedings of the 2003 IEEE Symposium on Security and Privacy},
 series = {SP '03},
 year = {2003},
 isbn = {0-7695-1940-7},
 pages = {166--},
 url = {http://dl.acm.org/citation.cfm?id=829515.830564},
 acmid = {830564},
 publisher = {IEEE Computer Society},
 address = {Washington, DC, USA},
} 

@inproceedings{xom-os,
 author = {Lie, David and Thekkath, Chandramohan A. and Horowitz, Mark},
 title = {Implementing an Untrusted Operating System on Trusted Hardware},
 booktitle = {Proceedings of the Nineteenth ACM Symposium on Operating Systems Principles},
 series = {SOSP '03},
 year = {2003},
 isbn = {1-58113-757-5},
 location = {Bolton Landing, NY, USA},
 pages = {178--192},
 numpages = {15},
 url = {http://doi.acm.org/10.1145/945445.945463},
 doi = {10.1145/945445.945463},
 acmid = {945463},
 publisher = {ACM},
 address = {New York, NY, USA},
 keywords = {XOM, XOMOS, untrusted operating systems},
} 

@inproceedings{xom-2000,
 author = {Thekkath, David Lie Chandramohan and Mitchell, Mark and Lincoln, Patrick and Boneh, Dan and Mitchell, John and Horowitz, Mark},
 title = {Architectural Support for Copy and Tamper Resistant Software},
 booktitle = {Proceedings of the Ninth International Conference on Architectural Support for Programming Languages and Operating Systems},
 series = {ASPLOS IX},
 year = {2000},
 isbn = {1-58113-317-0},
 location = {Cambridge, Massachusetts, USA},
 pages = {168--177},
 numpages = {10},
 url = {http://doi.acm.org/10.1145/378993.379237},
 doi = {10.1145/378993.379237},
 acmid = {379237},
 publisher = {ACM},
 address = {New York, NY, USA},
} 

@inproceedings{aegis_impl,
 author = {Suh, G. Edward and O'Donnell, Charles W. and Sachdev, Ishan and Devadas, Srinivas},
 title = {Design and Implementation of the AEGIS Single-Chip Secure Processor Using Physical Random Functions},
 booktitle = {Proceedings of the 32Nd Annual International Symposium on Computer Architecture},
 series = {ISCA '05},
 year = {2005},
 isbn = {0-7695-2270-X},
 pages = {25--36},
 numpages = {12},
 url = {http://dx.doi.org/10.1109/ISCA.2005.22},
 doi = {10.1109/ISCA.2005.22},
 acmid = {1069974},
 publisher = {IEEE Computer Society},
 address = {Washington, DC, USA},
} 

@inproceedings{aegis_processor,
 author = {Suh, G. Edward and Clarke, Dwaine and Gassend, Blaise and van Dijk, Marten and Devadas, Srinivas},
 title = {AEGIS: Architecture for Tamper-evident and Tamper-resistant Processing},
 booktitle = {Proceedings of the 17th Annual International Conference on Supercomputing},
 series = {ICS '03},
 year = {2003},
 isbn = {1-58113-733-8},
 location = {San Francisco, CA, USA},
 pages = {160--171},
 numpages = {12},
 url = {http://doi.acm.org/10.1145/782814.782838},
 doi = {10.1145/782814.782838},
 acmid = {782838},
 publisher = {ACM},
 address = {New York, NY, USA},
 keywords = {certified execution, secure processors, software licensing},
} 

@inproceedings{VirtualCountersSTC06,
 author = {Sarmenta, Luis F. G. and van Dijk, Marten and O'Donnell, Charles W. and Rhodes, Jonathan and Devadas, Srinivas},
 title = {Virtual Monotonic Counters and Count-limited Objects Using a TPM Without a Trusted OS},
 booktitle = {Proceedings of the First ACM Workshop on Scalable Trusted Computing},
 series = {STC '06},
 year = {2006},
 isbn = {1-59593-548-7},
 location = {Alexandria, Virginia, USA},
 pages = {27--42},
 numpages = {16},
 url = {http://doi.acm.org/10.1145/1179474.1179485},
 doi = {10.1145/1179474.1179485},
 acmid = {1179485},
 publisher = {ACM},
 address = {New York, NY, USA},
 keywords = {certified execution, e-wallet memory integrity checking, key delegation, stored-value, trusted storage},
}


@inproceedings{ascend-stc12,
 author = {Fletcher, Christopher W. and Dijk, Marten van and Devadas, Srinivas},
 title = {A Secure Processor Architecture for Encrypted Computation on Untrusted Programs},
 booktitle = {Proceedings of the Seventh ACM Workshop on Scalable Trusted Computing},
 series = {STC '12},
 year = {2012},
 isbn = {978-1-4503-1662-0},
 location = {Raleigh, North Carolina, USA},
 pages = {3--8},
 numpages = {6},
 url = {http://doi.acm.org/10.1145/2382536.2382540},
 doi = {10.1145/2382536.2382540},
 acmid = {2382540},
 publisher = {ACM},
 address = {New York, NY, USA},
 keywords = {encrypted computation, secure processors},
} 

@inproceedings{ascend-ccsw13,
 author = {Yu, Xiangyao and Fletcher, Christopher W. and Ren, Ling and Dijk, Marten van and Devadas, Srinivas},
 title = {Generalized External Interaction with Tamper-resistant Hardware with Bounded Information Leakage},
 booktitle = {Proceedings of the 2013 ACM Workshop on Cloud Computing Security Workshop},
 series = {CCSW '13},
 year = {2013},
 isbn = {978-1-4503-2490-8},
 location = {Berlin, Germany},
 pages = {23--34},
 numpages = {12},
 url = {http://doi.acm.org/10.1145/2517488.2517498},
 doi = {10.1145/2517488.2517498},
 acmid = {2517498},
 publisher = {ACM},
 address = {New York, NY, USA},
 keywords = {ascend, interaction, pin traffic, streaming, tamper-resistant hardware},
}

% ==================== ORAM ========================

@inproceedings{G87,
 author = {Goldreich, Oded},
 title = {Towards a Theory of Software Protection and Simulation by Oblivious RAMs},
 booktitle = {Proceedings of the Nineteenth Annual ACM Symposium on Theory of Computing},
 series = {STOC '87},
 year = {1987},
 isbn = {0-89791-221-7},
 location = {New York, New York, USA},
 pages = {182--194},
 numpages = {13},
 url = {http://doi.acm.org/10.1145/28395.28416},
 doi = {10.1145/28395.28416},
 acmid = {28416},
 publisher = {ACM},
 address = {New York, NY, USA},
}

@inproceedings{O90,
 author={Ostrovsky, Rafail},
 title = {Efficient Computation on Oblivious RAMs},
 booktitle = {Proceedings of the Twenty-second Annual ACM Symposium on Theory of Computing},
 series = {STOC '90},
 year = {1990},
 isbn = {0-89791-361-2},
 location = {Baltimore, Maryland, USA},
 pages = {514--523},
 numpages = {10},
 url = {http://doi.acm.org/10.1145/100216.100289},
 doi = {10.1145/100216.100289},
 acmid = {100289},
 publisher = {ACM},
 address = {New York, NY, USA},
} 

@article{GO96,
 author = {Goldreich, Oded and Ostrovsky, Rafail},
 title = {Software Protection and Simulation on Oblivious RAMs},
 journal = {J. ACM},
 issue_date = {May 1996},
 volume = {43},
 number = {3},
 month = may,
 year = {1996},
 issn = {0004-5411},
 pages = {431--473},
 numpages = {43},
 url = {http://doi.acm.org/10.1145/233551.233553},
 doi = {10.1145/233551.233553},
 acmid = {233553},
 publisher = {ACM},
 address = {New York, NY, USA},
 keywords = {pseudorandom functions, simulation of random access machines, software protection},
}

@inproceedings{WS08,
  title={Usable PIR.},
  author={Williams, Peter and Sion, Radu},
  booktitle={NDSS},
  year={2008}
}

@inproceedings{WSC08,
 author = {Williams, Peter and Sion, Radu and Carbunar, Bogdan},
 title = {Building Castles out of Mud: Practical Access Pattern Privacy and Correctness on Untrusted Storage},
 booktitle = {Proceedings of the 15th ACM Conference on Computer and Communications Security},
 series = {CCS '08},
 year = {2008},
 isbn = {978-1-59593-810-7},
 location = {Alexandria, Virginia, USA},
 pages = {139--148},
 numpages = {10},
 url = {http://doi.acm.org/10.1145/1455770.1455790},
 doi = {10.1145/1455770.1455790},
 acmid = {1455790},
 publisher = {ACM},
 address = {New York, NY, USA},
 keywords = {data outsourcing, private information retrieval},
} 

@inproceedings{WS12,
 author = {Williams, Peter and Sion, Radu},
 title = {Single Round Access Privacy on Outsourced Storage},
 booktitle = {Proceedings of the 2012 ACM Conference on Computer and Communications Security},
 series = {CCS '12},
 year = {2012},
 isbn = {978-1-4503-1651-4},
 location = {Raleigh, North Carolina, USA},
 pages = {293--304},
 numpages = {12},
 url = {http://doi.acm.org/10.1145/2382196.2382229},
 doi = {10.1145/2382196.2382229},
 acmid = {2382229},
 publisher = {ACM},
 address = {New York, NY, USA},
 keywords = {access privacy, cloud computing, oblivious ram},
} 

@inproceedings{PR11,
 author = {Pinkas, Benny and Reinman, Tzachy},
 title = {Oblivious RAM Revisited},
 booktitle = {Proceedings of the 30th Annual Conference on Advances in Cryptology},
 series = {CRYPTO'10},
 year = {2010},
 isbn = {3-642-14622-8, 978-3-642-14622-0},
 location = {Santa Barbara, CA, USA},
 pages = {502--519},
 numpages = {18},
 url = {http://dl.acm.org/citation.cfm?id=1881412.1881447},
 acmid = {1881447},
 publisher = {Springer-Verlag},
 address = {Berlin, Heidelberg},
 keywords = {oblivious RAM, secure two-party computation},
}

@article{BMP11,
  title={Remote oblivious storage: Making oblivious RAM practical},
  author={Boneh, Dan and Mazieres, David and Popa, Raluca Ada},
  year={2011}
}

@inproceedings{GM11,
 author = {Goodrich, Michael T. and Mitzenmacher, Michael},
 title = {Privacy-preserving Access of Outsourced Data via Oblivious RAM Simulation},
 booktitle = {Proceedings of the 38th International Conference on Automata, Languages and Programming - Volume Part II},
 series = {ICALP'11},
 year = {2011},
 isbn = {978-3-642-22011-1},
 location = {Zurich, Switzerland},
 pages = {576--587},
 numpages = {12},
 url = {http://dl.acm.org/citation.cfm?id=2027223.2027282},
 acmid = {2027282},
 publisher = {Springer-Verlag},
 address = {Berlin, Heidelberg},
} 

@inproceedings{GMOT12,
 author = {Goodrich, Michael T. and Mitzenmacher, Michael and Ohrimenko, Olga and Tamassia, Roberto},
 title = {Privacy-preserving Group Data Access via Stateless Oblivious RAM Simulation},
 booktitle = {Proceedings of the Twenty-third Annual ACM-SIAM Symposium on Discrete Algorithms},
 series = {SODA '12},
 year = {2012},
 location = {Kyoto, Japan},
 pages = {157--167},
 numpages = {11},
 url = {http://dl.acm.org/citation.cfm?id=2095116.2095130},
 publisher = {SIAM},
} 

@inproceedings{GMOT12b,
 author = {Goodrich, Michael T. and Mitzenmacher, Michael and Ohrimenko, Olga and Tamassia, Roberto},
 title = {Practical Oblivious Storage},
 booktitle = {Proceedings of the Second ACM Conference on Data and Application Security and Privacy},
 series = {CODASPY '12},
 year = {2012},
 isbn = {978-1-4503-1091-8},
 location = {San Antonio, Texas, USA},
 pages = {13--24},
 numpages = {12},
 url = {http://doi.acm.org/10.1145/2133601.2133604},
 doi = {10.1145/2133601.2133604},
 acmid = {2133604},
 publisher = {ACM},
 address = {New York, NY, USA},
 keywords = {cloud computing, private information retrieval},
}

@inproceedings{GMOT11,
 author = {Goodrich, Michael T. and Mitzenmacher, Michael and Ohrimenko, Olga and Tamassia, Roberto},
 title = {Oblivious RAM Simulation with Efficient Worst-case Access Overhead},
 booktitle = {Proceedings of the 3rd ACM Workshop on Cloud Computing Security Workshop},
 series = {CCSW '11},
 year = {2011},
 isbn = {978-1-4503-1004-8},
 location = {Chicago, Illinois, USA},
 pages = {95--100},
 numpages = {6},
 url = {http://doi.acm.org/10.1145/2046660.2046680},
 doi = {10.1145/2046660.2046680},
 acmid = {2046680},
 publisher = {ACM},
 address = {New York, NY, USA},
 keywords = {oblivious RAM, private information retrieval, secure cloud storage},
} 

@inproceedings{Kush12,
 author = {Kushilevitz, Eyal and Lu, Steve and Ostrovsky, Rafail},
 title = {On the (in)Security of Hash-based Oblivious RAM and a New Balancing Scheme},
 booktitle = {Proceedings of the Twenty-third Annual ACM-SIAM Symposium on Discrete Algorithms},
 series = {SODA '12},
 year = {2012},
 location = {Kyoto, Japan},
 pages = {143--156},
 numpages = {14},
 url = {http://dl.acm.org/citation.cfm?id=2095116.2095129},
 acmid = {2095129},
 publisher = {SIAM},
 keywords = {cuckoo hashing, oblivious RAM, secure computation},
}

@inproceedings{Ajtai10,
 author = {Ajtai, Mikl\'{o}s},
 title = {Oblivious RAMs Without Cryptogrpahic Assumptions},
 booktitle = {Proceedings of the Forty-second ACM Symposium on Theory of Computing},
 series = {STOC '10},
 year = {2010},
 isbn = {978-1-4503-0050-6},
 location = {Cambridge, Massachusetts, USA},
 pages = {181--190},
 numpages = {10},
 url = {http://doi.acm.org/10.1145/1806689.1806716},
 doi = {10.1145/1806689.1806716},
 acmid = {1806716},
 publisher = {ACM},
 address = {New York, NY, USA},
 keywords = {RAM, oblivious},
} 

@inproceedings{DMN11,
 author = {Damg{\aa}rd, Ivan and Meldgaard, Sigurd and Nielsen, Jesper Buus},
 title = {Perfectly Secure Oblivious RAM Without Random Oracles},
 booktitle = {Proceedings of the 8th Conference on Theory of Cryptography},
 series = {TCC'11},
 year = {2011},
 isbn = {978-3-642-19570-9},
 location = {Providence, RI},
 pages = {144--163},
 numpages = {20},
 url = {http://dl.acm.org/citation.cfm?id=1987260.1987274},
 acmid = {1987274},
 publisher = {Springer-Verlag},
 address = {Berlin, Heidelberg},
}

% ===============  Position-based ORAM ===================

@inproceedings{SCSL11,
 author={Shi, Elaine and Chan, T-H Hubert and Stefanov, Emil and Li, Mingfei},
 title = {Oblivious RAM with O((Logn)3) Worst-case Cost},
 booktitle = {Proceedings of the 17th International Conference on The Theory and Application of Cryptology and Information Security},
 series = {ASIACRYPT'11},
 year = {2011},
 isbn = {978-3-642-25384-3},
 location = {Seoul, South Korea},
 pages = {197--214},
 numpages = {18},
 acmid = {2184037},
 publisher = {Springer-Verlag},
 address = {Berlin, Heidelberg},
} 

@inproceedings{SSS12,
  title={Towards practical oblivious RAM},
  author={Stefanov, Emil and Shi, Elaine and Song, Dawn},
  booktitle    = {NDSS},
  year={2012}
}

@inproceedings{Gentry13,
year={2013},
isbn={978-3-642-39076-0},
booktitle={Privacy Enhancing Technologies},
volume={7981},
series={Lecture Notes in Computer Science},
doi={10.1007/978-3-642-39077-7_1},
title={Optimizing ORAM and Using It Efficiently for Secure Computation},
url={http://dx.doi.org/10.1007/978-3-642-39077-7_1},
publisher = {Springer-Verlag},
address = {Berlin, Heidelberg},
author={Gentry, Craig and Goldman, KennyA. and Halevi, Shai and Julta, Charanjit and Raykova, Mariana and Wichs, Daniel},
pages={1-18},
language={English}
}


% ==================== Path ORAM ========================

@misc{SS12,
    author={Stefanov, Emil and Shi, Elaine},
    title = "{Path O-RAM: An Extremely Simple Oblivious RAM Protocol}",
    howpublished = {Cornell University Library, arXiv:1202.5150v1},
    year = {2012},
    note = "arxiv.org/abs/1202.5150"
}

@inproceedings{PathORAM,
 author = {Stefanov, Emil and van Dijk, Marten and Shi, Elaine and Fletcher, Christopher and Ren, Ling and Yu, Xiangyao and Devadas, Srinivas},
 title = {Path ORAM: An Extremely Simple Oblivious RAM Protocol},
 booktitle = {Proceedings of the 2013 ACM SIGSAC Conference on Computer \&\#38; Communications Security},
 series = {CCS '13},
 year = {2013},
 isbn = {978-1-4503-2477-9},
 location = {Berlin, Germany},
 pages = {299--310},
 numpages = {12},
 url = {http://doi.acm.org/10.1145/2508859.2516660},
 doi = {10.1145/2508859.2516660},
 acmid = {2516660},
 publisher = {ACM},
 address = {New York, NY, USA},
 keywords = {access pattern, oblivious ram, oram, path oram},
}

@misc{PathORAM-archive,
    author = {Stefanov, Emil and van Dijk, Marten and Shi, Elaine and Chan, T-H. Hubert and Fletcher, Christopher and Ren, Ling and Yu, Xiangyao and Devadas, Srinivas},
    title = {Path ORAM: An Extremely Simple Oblivious RAM Protocol},
    howpublished = {Cryptology ePrint Archive, Report 2013/280},
    year = {2013},
    note = {\url{http://eprint.iacr.org/}},
}

@inproceedings{oram-isca13,
 author = {Ren, Ling and Yu, Xiangyao and Fletcher, Christopher W. and van Dijk, Marten and Devadas, Srinivas},
 title = {Design Space Exploration and Optimization of Path Oblivious RAM in Secure Processors},
 booktitle = {Proceedings of the 40th Annual International Symposium on Computer Architecture},
 series = {ISCA '13},
 year = {2013},
 isbn = {978-1-4503-2079-5},
 location = {Tel-Aviv, Israel},
 pages = {571--582},
 numpages = {12},
 url = {http://doi.acm.org/10.1145/2485922.2485971},
 doi = {10.1145/2485922.2485971},
 acmid = {2485971},
 publisher = {ACM},
 address = {New York, NY, USA},
} 

@INPROCEEDINGS{oram-hpec13,
author= {Ren, Ling and Fletcher, Christopher W. and Yu, Xiangyao and van Dijk, Marten and Devadas, Srinivas},
booktitle={High Performance Extreme Computing Conference (HPEC), 2013 IEEE},
title={Integrity verification for path Oblivious-RAM},
year={2013},
month={Sept},
pages={1-6},
doi={10.1109/HPEC.2013.6670339},}


@inproceedings{phantom,
 author = {Maas, Martin and Love, Eric and Stefanov, Emil and Tiwari, Mohit and Shi, Elaine and Asanovic, Krste and Kubiatowicz, John and Song, Dawn},
 title = {PHANTOM: Practical Oblivious Computation in a Secure Processor},
 booktitle = {Proceedings of the 2013 ACM SIGSAC Conference on Computer \&\#38; Communications Security},
 series = {CCS '13},
 year = {2013},
 isbn = {978-1-4503-2477-9},
 location = {Berlin, Germany},
 pages = {311--324},
 numpages = {14},
 url = {http://doi.acm.org/10.1145/2508859.2516692},
 doi = {10.1145/2508859.2516692},
 acmid = {2516692},
 publisher = {ACM},
 address = {New York, NY, USA},
 keywords = {fpgas, oblivious ram, path oram, secure processors},
} 

@article{phantom2,
  title={A High-Performance Oblivious RAM Controller on the Convey HC-2ex Heterogeneous Computing Platform},
  author={Maas, Martin and Love, Eric and Stefanov, Emil and Tiwari, Mohit and Shi, Elaine and Asanovic, Krste and Kubiatowicz, John and Song, Dawn},
  howpublished = {3rd Workshop on the Intersections of Computer Architecture and Reconfigurable Logic (CARL)},
  year = 2013
}

% ============== Oblivious Storage ==================

@inproceedings{PrivateFS,
 author = {Williams, Peter and Sion, Radu and Tomescu, Alin},
 title = {PrivateFS: A Parallel Oblivious File System},
 booktitle = {Proceedings of the 2012 ACM Conference on Computer and Communications Security},
 series = {CCS '12},
 year = {2012},
 isbn = {978-1-4503-1651-4},
 location = {Raleigh, North Carolina, USA},
 pages = {977--988},
 numpages = {12},
 url = {http://doi.acm.org/10.1145/2382196.2382299},
 doi = {10.1145/2382196.2382299},
 acmid = {2382299},
 publisher = {ACM},
 address = {New York, NY, USA},
 keywords = {access privacy, cloud computing, oblivious ram},
} 

@inproceedings {Shroud,
author={Lorch, Jacob R. and Parno, Bryan and Mickens, James W. and Raykova, Mariana and Schiffman, Joshua},
title = {Shroud: Ensuring Private Access to Large-Scale Data in the Data Center},
booktitle = {Presented as part of the 11th USENIX Conference on File and Storage Technologies (FAST 13)},
year = {2013},
isbn = {978-1-931971-99-7},
address = {San Jose, CA},
pages = {199--213},
url = {https://www.usenix.org/conference/fast13/technical-sessions/presentation/lorch},
publisher = {USENIX},
}

@inproceedings{oblivistore,
 author = {Stefanov, Emil and Shi, Elaine},
 title = {ObliviStore: High Performance Oblivious Cloud Storage},
 booktitle = {Proceedings of the 2013 IEEE Symposium on Security and Privacy},
 series = {SP '13},
 year = {2013},
 isbn = {978-0-7695-4977-4},
 pages = {253--267},
 numpages = {15},
 url = {http://dx.doi.org/10.1109/SP.2013.25},
 doi = {10.1109/SP.2013.25},
 acmid = {2498109},
 publisher = {IEEE Computer Society},
 address = {Washington, DC, USA},
 keywords = {oram, oblivious ram, oblivious storage, oblivistore, file system},
} 

@inproceedings{BurstORAM,
  title={Burst ORAM: Minimizing ORAM response times for bursty access patterns},
  author={Dautrich, Jonathan and Stefanov, Emil and Shi, Elaine},
  booktitle={USENIX Security},
  year={2014}
}

@inproceedings{SS13,
 author = {Stefanov, Emil and Shi, Elaine},
 title = {Multi-cloud Oblivious Storage},
 booktitle = {Proceedings of the 2013 ACM SIGSAC Conference on Computer \&\#38; Communications Security},
 series = {CCS '13},
 year = {2013},
 isbn = {978-1-4503-2477-9},
 location = {Berlin, Germany},
 pages = {247--258},
 numpages = {12},
 url = {http://doi.acm.org/10.1145/2508859.2516673},
 doi = {10.1145/2508859.2516673},
 acmid = {2516673},
 publisher = {ACM},
 address = {New York, NY, USA},
 keywords = {multi-cloud, oblivious ram, outsourced storage, privacy},
}



% ============== Secure Computation ==================

@inproceedings{OS97,
 author = {Ostrovsky, Rafail and Shoup, Victor},
 title = {Private Information Storage (Extended Abstract)},
 booktitle = {Proceedings of the Twenty-ninth Annual ACM Symposium on Theory of Computing},
 series = {STOC '97},
 year = {1997},
 isbn = {0-89791-888-6},
 location = {El Paso, Texas, USA},
 pages = {294--303},
 numpages = {10},
 url = {http://doi.acm.org/10.1145/258533.258606},
 doi = {10.1145/258533.258606},
 acmid = {258606},
 publisher = {ACM},
 address = {New York, NY, USA},
} 

@inproceedings{Gordon12,
 author = {Gordon, S. Dov and Katz, Jonathan and Kolesnikov, Vladimir and Krell, Fernando and Malkin, Tal and Raykova, Mariana and Vahlis, Yevgeniy},
 title = {Secure Two-party Computation in Sublinear (Amortized) Time},
 booktitle = {Proceedings of the 2012 ACM Conference on Computer and Communications Security},
 series = {CCS '12},
 year = {2012},
 isbn = {978-1-4503-1651-4},
 location = {Raleigh, North Carolina, USA},
 pages = {513--524},
 numpages = {12},
 url = {http://doi.acm.org/10.1145/2382196.2382251},
 doi = {10.1145/2382196.2382251},
 acmid = {2382251},
 publisher = {ACM},
 address = {New York, NY, USA},
 keywords = {cryptography, secure computation},
} 

@inproceedings{LO13,
 author = {Lu, Steve and Ostrovsky, Rafail},
 title = {Distributed Oblivious RAM for Secure Two-party Computation},
 booktitle = {Proceedings of the 10th Theory of Cryptography Conference on Theory of Cryptography},
 series = {TCC'13},
 year = {2013},
 isbn = {978-3-642-36593-5},
 location = {Tokyo, Japan},
 pages = {377--396},
 numpages = {20},
 url = {http://dx.doi.org/10.1007/978-3-642-36594-2_22},
 doi = {10.1007/978-3-642-36594-2_22},
 acmid = {2450228},
 publisher = {Springer-Verlag},
 address = {Berlin, Heidelberg},
 keywords = {cloud computing, multi-server model, oblivious RAM, secure computation, software protection},
} 

@incollection{PIR_IS14,
year={2004},
isbn={978-1-4020-8144-6},
booktitle={Information Security Management, Education and Privacy},
volume={148},
series={IFIP International Federation for Information Processing},
editor={Deswarte, Yves and Cuppens, Frédéric and Jajodia, Sushil and Wang, Lingyu},
doi={10.1007/1-4020-8145-6_17},
title={Private Information Storage with Logarithmic-Space Secure Hardware},
url={http://dx.doi.org/10.1007/1-4020-8145-6_17},
publisher={Springer US},
keywords={Private information retrieval and storage; oblivious RAM; permutation network; sorting network; Luby-Rackoff cipher},
author={Iliev, Alexander and Smith, Sean},
pages={201-216},
language={English}
}


% ==================== Crypto ========================

@article{counter-mode,
  title={Comments to NIST concerning AES modes of operation: CTR-mode encryption},
  author={Lipmaa, Helger and Wagner, David and Rogaway, Phillip},
  booktitle = {Symmetric Key Block Cipher Modes of Operation Workshop},
  year={2000},
}

@inproceedings{merkle-trees,
  title={Protocols for public key cryptosystems},
  author={Merkle, Ralph C.},
  booktitle={2012 IEEE Symposium on Security and Privacy},
  pages={122--134},
  year={1980},
  organization={IEEE Computer Society}
}

@article{GGM1986,
  title={How to construct random functions},
  author={Goldreich, Oded and Goldwasser, Shafi and Micali, Silvio},
  journal={Journal of the ACM (JACM)},
  volume={33},
  number={4},
  pages={792--807},
  year={1986},
  publisher={ACM}
}

@inproceedings{Bellare96HMAC,
 author = {Bellare, Mihir and Canetti, Ran and Krawczyk, Hugo},
 title = {Keying Hash Functions for Message Authentication},
 booktitle = {Proceedings of the 16th Annual International Cryptology Conference on Advances in Cryptology},
 series = {CRYPTO '96},
 year = {1996},
 isbn = {3-540-61512-1},
 pages = {1--15},
 numpages = {15},
 url = {http://dl.acm.org/citation.cfm?id=646761.706031},
 acmid = {706031},
 publisher = {Springer-Verlag},
 address = {London, UK, UK},
}
    
@inproceedings{Gentry:FHE,
 author = {Gentry, Craig},
 title = {Fully Homomorphic Encryption Using Ideal Lattices},
 booktitle = {Proceedings of the Forty-first Annual ACM Symposium on Theory of Computing},
 series = {STOC '09},
 year = {2009},
 isbn = {978-1-60558-506-2},
 location = {Bethesda, MD, USA},
 pages = {169--178},
 numpages = {10},
 url = {http://doi.acm.org/10.1145/1536414.1536440},
 doi = {10.1145/1536414.1536440},
 acmid = {1536440},
 publisher = {ACM},
 address = {New York, NY, USA},
 keywords = {fully homomorphic encryption},
} 

% ==================== Tools and simulators ========================

@ARTICLE{DRAMSim2,
author={Rosenfeld, P. and Cooper-Balis, E. and Jacob, B.},
journal={Computer Architecture Letters},
title={DRAMSim2: A Cycle Accurate Memory System Simulator},
year={2011},
month={Jan},
volume={10},
number={1},
pages={16-19},
doi={10.1109/L-CA.2011.4},
ISSN={1556-6056},}
    
@INPROCEEDINGS{graphite,
author={Miller, J.E. and Kasture, H. and Kurian, G. and Gruenwald, C. and Beckmann, N. and Celio, C. and Eastep, J. and Agarwal, A},
booktitle={High Performance Computer Architecture (HPCA), 2010 IEEE 16th International Symposium on},
title={Graphite: A distributed parallel simulator for multicores},
year={2010},
month={Jan},
pages={1-12},
ISSN={1530-0897},}

@article{spec06,
  title={SPEC CPU2006 benchmark descriptions},
  author={Henning, John L.},
  journal={ACM SIGARCH Computer Architecture News},
  volume={34},
  number={4},
  pages={1--17},
  year={2006},
  publisher={ACM}
}

	
% ==================== Other related work ======================== 
@inproceedings{Islam12,
  title={Access Pattern disclosure on Searchable Encryption: Ramification, Attack and Mitigation.},
  author={Islam, Mohammad Saiful and Kuzu, Mehmet and Kantarcioglu, Murat},
  booktitle={NDSS},
  year={2012}
}

@article{CSA2010,
  title={Top Threats to Cloud Computing V1. 0},
  author={Hubbard, Dan and Sutton, Michael},
  journal={Cloud Security Alliance},
  year={2010}
}
 
@article{Ko2013cloud,
  title={Cloud computing vulnerability incidents: A statistical overview},
  author={Ko, Ryan and Lee, Stephen S G},
  year={2013}
}

@inproceedings{HIDE,
 author = {Zhuang, Xiaotong and Zhang, Tao and Pande, Santosh},
 title = {HIDE: An Infrastructure for Efficiently Protecting Information Leakage on the Address Bus},
 booktitle = {Proceedings of the 11th International Conference on Architectural Support for Programming Languages and Operating Systems},
 series = {ASPLOS XI},
 year = {2004},
 isbn = {1-58113-804-0},
 location = {Boston, MA, USA},
 pages = {72--84},
 numpages = {13},
 url = {http://doi.acm.org/10.1145/1024393.1024403},
 doi = {10.1145/1024393.1024403},
 acmid = {1024403},
 publisher = {ACM},
 address = {New York, NY, USA},
 keywords = {address bus leakage protection, secure processor},
}

@INPROCEEDINGS{Liu13,
author={Liu, Chang and Hicks, Michael and Shi, Elaine},
booktitle={Computer Security Foundations Symposium (CSF), 2013 IEEE 26th},
title={Memory Trace Oblivious Program Execution},
year={2013},
month={June},
pages={51-65},
doi={10.1109/CSF.2013.11},}

@article{Wang14,
  title={Oblivious Data Structures.},
  author={Wang, Xiao and Nayak, Kartik and Liu, Chang and Shi, Elaine and Stefanov, Emil and Huang, Yan},
  journal={IACR Cryptology ePrint Archive},
  volume={2014},
  pages={185},
  year={2014}
}

@misc{Yu14DSB,
    author = {Yu, Xiangyao and Ren, Ling and Fletcher, Christopher W. and Kwon, Albert and van Dijk, Marten and Devadas, Srinivas},
    title = {Enhancing Oblivious RAM Performance Using Dynamic Prefetching},
    howpublished = {Cryptology ePrint Archive, Report 2014/234},
    year = {2014},
    note = {\url{http://eprint.iacr.org/}},
}


@INPROCEEDINGS{oram-timing-hpca14, 
author={Fletcher, Christopher W. and Ren, Ling and Yu, Xiangyao and Van Dijk, Marten and Khan, Omer and Devadas, Srinivas},
booktitle={High Performance Computer Architecture (HPCA), 2014 IEEE 20th International Symposium on}, 
title={Suppressing the Oblivious RAM timing channel while making information leakage and program efficiency trade-offs}, 
year={2014}, 
month={Feb}, 
pages={213-224}, 
keywords={cryptography;ORAM schemes;ORAM timing channel;cryptographic technique;information leakage;oblivious RAM timing channel;secure processors;user-controllable leakage limit;Abstracts;Cryptography;Monitoring;Program processors;Random access memory;System-on-chip;Timing}, 
doi={10.1109/HPCA.2014.6835932},}


@incollection{CKW13,
year={2013},
isbn={978-3-642-38347-2},
booktitle={Advances in Cryptology – EUROCRYPT 2013},
volume={7881},
series={Lecture Notes in Computer Science},
doi={10.1007/978-3-642-38348-9_17},
title={Dynamic Proofs of Retrievability via Oblivious RAM},
url={http://dx.doi.org/10.1007/978-3-642-38348-9_17},
publisher={Springer Berlin Heidelberg},
author={Cash, David and Küpçü, Alptekin and Wichs, Daniel},
pages={279-295},
language={English}
}

@incollection{Apon14,
year={2014},
isbn={978-3-642-54630-3},
booktitle={Public-Key Cryptography – PKC 2014},
volume={8383},
series={Lecture Notes in Computer Science},
editor={Krawczyk, Hugo},
doi={10.1007/978-3-642-54631-0_8},
title={Verifiable Oblivious Storage},
url={http://dx.doi.org/10.1007/978-3-642-54631-0_8},
publisher={Springer Berlin Heidelberg},
author={Apon, Daniel and Katz, Jonathan and Shi, Elaine and Thiruvengadam, Aishwarya},
pages={131-148},
language={English}
}

% ==================== Misc ========================  	
@article{chernoff52,
  title={A measure of asymptotic efficiency for tests of a hypothesis based on the sum of observations},
  author={Chernoff, Herman and others},
  journal={The Annals of Mathematical Statistics},
  volume={23},
  number={4},
  pages={493--507},
  year={1952},
  publisher={Institute of Mathematical Statistics}
}

@inproceedings{roselli2000comparison,
  title={A Comparison of File System Workloads.},
  author={Roselli, Drew S and Lorch, Jacob R and Anderson, Thomas E and others},
  booktitle={USENIX Annual Technical Conference, General Track},
  pages={41--54},
  year={2000}
}
